@misc{ website:pof,
   author = {{Plentyoffish Media, Inc.}},
   title = "Plenty of {FAQ}",
   year = "2012",
   howpublished = "\url{http://www.pof.com/faq.aspx}",
   note = "[Online; accessed 27-March-2012]"
}
@misc{ website:match,
   author = {{Match.com, L.L.C.}},
   title = "Match.com",
   year = "2012",
   howpublished = "\url{http://www.match.com}",
   note = "[Online; accessed 27-March-2012]"
}
@misc{ website:okcupid,
   author = {{Humor Rainbow, Inc.}},
   title = "OkCupid",
   year = "2012",
   howpublished = "\url{http://www.okcupid.com}",
   note = "[Online; accessed 27-March-2012]"
}
@misc{ website:eharmony,
   author = {{eHarmony, Inc.}},
   title = "Why eHarmony?",
   year = "2012",
   howpublished = "\url{http://www.eharmony.com/why/}",
   note = "[Online; accessed 31-March-2012]"
}
